<record><leader>00000cas a2200000 a 4500</leader><controlfield tag="001">52437284</controlfield><controlfield tag="007">hd afb018bacp</controlfield><controlfield tag="007">hd bfb018babp</controlfield><controlfield tag="007">hd bfb018baap</controlfield><controlfield tag="008">030616d1846186utxuwr nea     0    0eng c</controlfield><datafield ind1=" " ind2=" " tag="010"><subfield code="a">  2003241160</subfield></datafield><datafield ind1=" " ind2=" " tag="040"><subfield code="a">IXA</subfield><subfield code="b">eng</subfield><subfield code="c">IXA</subfield><subfield code="d">OCLCQ</subfield><subfield code="d">CRL</subfield><subfield code="d">OCLCQ</subfield><subfield code="d">OCLCF</subfield><subfield code="d">DLC</subfield><subfield code="d">OCL</subfield></datafield><datafield ind1=" " ind2=" " tag="042"><subfield code="a">pcc</subfield></datafield><datafield ind1=" " ind2=" " tag="043"><subfield code="a">n-mx---</subfield><subfield code="a">n-us-tx</subfield></datafield><datafield ind1="0" ind2="0" tag="050"><subfield code="a">Newspaper</subfield></datafield><datafield ind1="0" ind2=" " tag="130"><subfield code="a">American flag (Matamoros, Tamaulipas, Mexico : 1846)</subfield></datafield><datafield ind1="1" ind2="4" tag="245"><subfield code="a">The American flag</subfield><subfield code="h">[microform].</subfield></datafield><datafield ind1="3" ind2="0" tag="246"><subfield code="a">American flag, Cameron County and Matamoros advertiser</subfield></datafield><datafield ind1="3" ind2="0" tag="246"><subfield code="a">Bandera americana</subfield></datafield><datafield ind1=" " ind2=" " tag="260"><subfield code="a">Matamoros :</subfield><subfield code="b">Fleeson, Peoples &amp; Co.</subfield></datafield><datafield ind1=" " ind2=" " tag="300"><subfield code="a">v. ;</subfield><subfield code="c">38-44 cm.</subfield></datafield><datafield ind1=" " ind2=" " tag="310"><subfield code="a">Weekly,</subfield><subfield code="b">1848-</subfield></datafield><datafield ind1=" " ind2=" " tag="321"><subfield code="a">Semiweekly,</subfield><subfield code="b">1846-1848</subfield></datafield><datafield ind1=" " ind2=" " tag="321"><subfield code="a">Triweekly,</subfield><subfield code="b">&lt;1846&gt;</subfield></datafield><datafield ind1="0" ind2=" " tag="362"><subfield code="a">Vol. 1, no. 9 (July 4, 1846)-</subfield></datafield><datafield ind1=" " ind2=" " tag="500"><subfield code="a">Place of publication changed from Matamoros, Mexico to Brownsville, Texas prior to Nov. 1, 1848.</subfield></datafield><datafield ind1=" " ind2=" " tag="500"><subfield code="a">Published as American flag, Cameron County and Matamoros advertiser (Nov. 22-Dec. 6, 1848).</subfield></datafield><datafield ind1=" " ind2=" " tag="546"><subfield code="a">Issues dated May 15, 1852, and Apr. 26, 1860, published in English with verso in Spanish under the title Bandera americana.</subfield></datafield><datafield ind1=" " ind2=" " tag="533"><subfield code="a">Microfilm.</subfield><subfield code="m">July 4 1846-July 29 1848:[Gaps]</subfield><subfield code="b">Austin, TX :</subfield><subfield code="c">Nettie Lee Benson Latin American Collection, General Libraries, University of Texas at Austin :</subfield><subfield code="c">Filmed by Texas State Library Micrographics,</subfield><subfield code="d">2003.</subfield><subfield code="e">2 microfilm reels ; 35 mm.</subfield><subfield code="f">(Independent Mexico in newspapers, the 19th century ; reel 25-26)</subfield><subfield code="n">Filmed with other newspapers.</subfield></datafield><datafield ind1=" " ind2="0" tag="651"><subfield code="a">Matamoros (Tamaulipas, Mexico)</subfield><subfield code="v">Newspapers.</subfield></datafield><datafield ind1=" " ind2="0" tag="651"><subfield code="a">Brownsville (Tex.)</subfield><subfield code="v">Newspapers.</subfield></datafield><datafield ind1=" " ind2="0" tag="650"><subfield code="a">Mexican War, 1846-1848</subfield><subfield code="v">Newspapers.</subfield></datafield><datafield ind1="2" ind2="7" tag="611"><subfield code="a">Mexican War (1846-1848)</subfield><subfield code="2">fast</subfield><subfield code="0">(OCoLC)fst01019173</subfield></datafield><datafield ind1=" " ind2="7" tag="651"><subfield code="a">Mexico</subfield><subfield code="z">Matamoros (Tamaulipas)</subfield><subfield code="2">fast</subfield><subfield code="0">(OCoLC)fst01315330</subfield></datafield><datafield ind1=" " ind2="7" tag="651"><subfield code="a">Texas</subfield><subfield code="z">Brownsville.</subfield><subfield code="2">fast</subfield><subfield code="0">(OCoLC)fst01208100</subfield></datafield><datafield ind1=" " ind2="7" tag="648"><subfield code="a">1846-1848</subfield><subfield code="2">fast</subfield></datafield><datafield ind1=" " ind2="7" tag="655"><subfield code="a">Newspapers.</subfield><subfield code="2">fast</subfield><subfield code="0">(OCoLC)fst01423814</subfield></datafield><datafield ind1=" " ind2=" " tag="752"><subfield code="a">United States</subfield><subfield code="b">Texas</subfield><subfield code="c">Cameron</subfield><subfield code="d">Brownsville.</subfield></datafield><datafield ind1=" " ind2=" " tag="752"><subfield code="a">Mexico</subfield><subfield code="d">Matamoros.</subfield></datafield><datafield ind1="1" ind2=" " tag="776"><subfield code="c">Original</subfield><subfield code="w">(DLC)sn 83025622</subfield><subfield code="w">(OCoLC)9710543</subfield></datafield><datafield ind1="0" ind2="8" tag="776"><subfield code="i">Online version:</subfield><subfield code="t">American flag (Matamoros, Tamaulipas, Mexico : 1846)</subfield><subfield code="w">(DLC)  2012225193</subfield><subfield code="w">(OCoLC)820724229</subfield></datafield><datafield ind1="0" ind2="0" tag="780"><subfield code="t">Republic of Rio Grande, and friend of the people</subfield><subfield code="w">(DLC)  2003241182</subfield><subfield code="w">(OCoLC)52587666</subfield></datafield><datafield ind1="0" ind2="0" tag="780"><subfield code="t">Repub&#769;lica de Rio Grande y amiga de los pueblos</subfield><subfield code="w">(DLC)  2003241183</subfield><subfield code="w">(OCoLC)52587692</subfield></datafield><datafield ind1="0" ind2="0" tag="785"><subfield code="t">Fort Brown flag</subfield></datafield><datafield ind1=" " ind2="0" tag="830"><subfield code="a">Independent Mexico in newspapers, the 19th century ;</subfield><subfield code="v">reel 25-26.</subfield></datafield><datafield ind1="1" ind2=" " tag="029"><subfield code="a">AU@</subfield><subfield code="b">000024730244</subfield></datafield></record>